2081 2954
795 116 1036 181 ς(17)

894 236 974 276 *m

754 286 933 350 Superat
951 285 1109 350 pietate
1141 286 1343 336 Leonem.

201 361 412 429 Corpora
443 364 730 430 magnanimo
756 362 856 410 satis
885 363 947 411 est
980 364 1210 428 prostraffe
1239 366 1392 414 leoni:

264 431 422 497 Pugna
453 435 577 480 sunm
606 431 771 485 finem,
802 447 907 479 cum
936 432 1055 494 jacet
1084 432 1219 480 hostis
1238 465 1252 488 ‚
1281 432 1430 481 habet.

202 497 289 545 Par
318 501 468 546 animo
501 499 651 547 Divus
670 497 853 563 superat
878 500 1037 563 pietate
1069 499 1285 549 Leonem:

273 567 520 622 Vulnerat,
554 567 604 614 &
632 566 787 619 sanat3
827 567 953 632 quod
984 565 1085 615 Leo
1120 569 1289 622 nescit,
1319 570 1424 634 agit.

195 633 304 681 Hoc
329 636 506 699 pietatis
534 650 649 698 opus
682 632 857 698 praestat
877 667 891 689 ‚
921 634 1026 682 dum
1053 635 1155 682 solis
1182 636 1238 682 ab
1273 650 1375 683 ortu

264 700 439 748 Tendit
468 701 522 750 ad
554 702 762 749 occasum
781 734 794 757 ‚
830 700 924 766 quo
953 702 1029 749 sua
1062 703 1151 750 fata
1181 717 1366 751 vocant.

198 767 465 816 Indiscretus
493 787 621 817 amor
650 784 809 835 rogat,
839 771 888 817 &
921 770 1136 817 violentia
1167 770 1344 817 Divum

265 836 446 902 Urget,
476 853 526 885 ut
558 838 777 885 Armeniae
805 835 928 884 tecsta
957 836 1111 884 reliAE'ta
1136 851 1275 901 petat.

196 901 390 951 Invocat
418 903 491 951 hic
524 906 744 969 Superos,
771 906 819 952 δί
845 902 988 951 Coelo
1017 904 1226 959 vindice,
1260 904 1392 950 turba

262 969 477 1018 Criminis
504 974 550 1019 in
578 988 788 1036 poenam,
822 972 990 1019 lumine
1023 986 1154 1036 capta
1187 973 1288 1018 ruit.

201 1034 316 1096 Quo
348 1038 451 1085 laefit
484 1039 644 1086 Praesul
666 1071 679 1092 ,
709 1038 931 1096 restaurat?
950 1039 1114 1086 lumina
1132 1037 1273 1085 Coelo
1291 1069 1305 1091 ‚

261 1104 321 1151 Et
354 1106 503 1153 timuit
534 1106 757 1170 populus,
788 1108 866 1171 qui
895 1105 1094 1154 nocuere
1116 1137 1130 1160 ,
1158 1106 1327 1154 Deum.

257 1267 385 1334 VI.
456 1269 1634 1349 PRAELWAGEN*

80 1400 157 1461 38.
302 1401 542 1465 Espannen
570 1416 661 1448 met
679 1418 753 1449 zes
780 1402 964 1465 peirden
982 1432 996 1454 ,
1025 1401 1356 1449 verbeeldende
1385 1403 1471 1450 den
1502 1404 1563 1450 H.
1581 1405 1815 1456 Macarius

306 1469 351 1514 in
411 1469 535 1516 lorie.

263 1533 341 1599 Op
374 1486 451 1583 ξεῖ
476 1535 637 1600 leegste
670 1536 756 1583 den
784 1535 900 1598 Peys
924 1535 1039 1582 ende
1068 1534 1123 1583 de
1155 1534 1602 1602 Rechtveirdigheyd
1622 1572 1634 1594 ,
1666 1541 1737 1590 die
1756 1544 1836 1591 el-.

196 1602 424 1651 kanderen
467 1603 704 1651 omhelzen
724 1620 738 1657 3
774 1620 860 1650 wat
894 1602 1070 1668 hooger
1101 1602 1157 1650 de
1191 1603 1293 1651 Stad
1328 1620 1417 1651 van
1447 1604 1586 1653 Gend
1611 1608 1815 1659 rustende

196 1687 256 1734 op
289 1670 375 1717 den
411 1670 582 1718 Leeuw
610 1685 700 1718 met
732 1669 866 1717 haere
889 1687 1040 1736 oogen
1071 1670 1274 1736 gessagen
1303 1688 1364 1735 op
1400 1671 1456 1718 de
1487 1673 1589 1720 Stad
1617 1674 1815 1742 Bergen,

196 1753 279 1784 aen
316 1737 371 1785 de
410 1739 555 1786 welke
594 1756 652 1801 zy
695 1754 807 1786 eene
849 1736 1171 1801 behulpzaeme
1215 1737 1334 1786 hand
1374 1740 1615 1805 toebrengt
1648 1759 1661 1796 3
1705 1745 1815 1792 deze

196 1803 327 1851 laeste
355 1805 456 1852 Stad
485 1806 594 1854 doet
623 1805 729 1852 haer
758 1805 813 1851 de
838 1805 946 1870 gifte
971 1821 1058 1852 van
1086 1821 1198 1851 eene
1227 1805 1463 1853 kostbaere
1481 1809 1646 1856 zilvere
1662 1809 1813 1867 Kasse,

198 1872 1700 2007 ζέῗζαέἶἑὲῗεὲἴεῗοὲῗὲεέἶῗῗῖἒὲἒῗέὖέἵειῗῑὲιῗνὲῗῗῇζζὲῗὲ
1714 1895 1814 1998 ,2Ξὲ

198 2006 340 2052 welke
356 2007 390 2052 is
416 2006 737 2071 ingeschreven
761 2008 806 2052 in
826 2004 904 2052 het
921 2004 1252 2071 Broedersehap
1281 2024 1367 2054 van
1395 2009 1480 2056 den
1511 2011 1666 2057 zelven
1689 2012 1814 2066 Hev-

198 2073 315 2137 ligen
344 2074 512 2121 binnen
534 2072 670 2121 Gend
690 2107 703 2128 ‚
730 2073 909 2120 doende
936 2090 1019 2120 aen
1037 2072 1141 2120 hem
1162 2076 1320 2138 eenige
1344 2074 1618 2123 Offerande:
1643 2095 1703 2142 op
1724 2068 1812 2127 den

197 2153 277 2203 top
303 2157 390 2186 van
422 2140 508 2187 den
535 2141 714 2205 W'agen
744 2141 829 2188 den
857 2140 914 2186 H.
934 2141 1170 2187 Macarius
1192 2143 1238 2188 in
1266 2142 1320 2189 de
1345 2143 1511 2208 glorie3
1540 2144 1693 2192 boven
1725 2147 1812 2195 den

200 2205 426 2273 Heyiigen
460 2206 565 2255 leest
594 2225 697 2256 men
733 2210 797 2256 dit
823 2207 1104 2272 Jaerschrift:

489 2332 688 2339 -——-———
694 2330 1821 2347 ———-—-——-————--—·—-——————n————-n————Q

123 2363 144 2380 ’⁵
166 2362 274 2391 Dczen
303 2366 416 2402 Wagen
446 2367 468 2395 is
496 2375 631 2404 gegeven
654 2368 732 2398 door
754 2369 791 2398 de
818 2369 955 2398 liberacle
978 2368 1074 2404 jonste
1097 2376 1155 2397 van
1180 2367 1232 2398 het
1260 2367 1390 2404 Kapittel
1418 2378 1476 2399 van
1497 2370 1534 2399 de
1556 2369 1733 2400 cathedrale
1755 2379 1813 2400 van

81 2401 113 2432 S.
124 2403 246 2473 2Βῖνοῖ,
268 2413 306 2474 en
321 2407 507 2477 getxfflden
535 2417 593 2442 van
607 2409 666 2439 den
692 2410 735 2440 H.
757 2409 906 2440 Macarius
932 2409 1155 2440 onderhouden
1178 2409 1210 2439 in
1235 2410 1273 2439 de
1301 2410 1386 2438 zelve
1413 2411 1623 2442 Cathedsaele.

151 2453 174 2472 se
206 2453 296 2483 paee
378 2453 437 2479 250
466 2455 515 2479 11.
