2081 2954
915 127 1052 192 (5)

202 241 354 290 hunne
367 238 546 288 handen
565 253 654 285 zoo
674 234 728 283 de
759 234 984 284 teekenen
1003 250 1091 282 van
1109 249 1226 296 zyne
1250 230 1622 299 biffchoppelyke
1637 232 1866 301 VVeirdig-

199 308 322 373 heyd
342 307 401 356 als
420 308 475 356 de
494 306 812 354 instrumenten
829 302 1000 367 zynder
1011 302 1239 350 Martelie:
1257 318 1317 366 op
1335 300 1414 349 het
1430 302 1593 368 leegste
1611 318 1753 351 eenen
1770 303 1862 352 En-

199 377 268 443 gel
296 391 387 425 met
410 376 474 424 dit
490 370 748 440 Jaerschrift
787 388 876 421 van
909 370 997 419 den
1028 370 1108 434 tyd
1140 369 1219 418 der
1245 367 1594 436 geschiedeniffe
1618 407 1629 419 .
1648 406 1660 418 .
1678 407 1690 420 .
1708 405 1718 418 .
1752 371 1864 438 659.

201 529 794 546 ........
864 491 1019 541 FIDes
1056 490 1232 541 LIbato
1268 492 1518 560 sangUIne
1554 492 1735 543 tInCta.

481 560 687 666 'theloof
705 599 932 665 besproeyd
959 598 1065 648 door
1095 598 1125 647 't
1136 598 1319 666 g'offierd
1341 599 1463 650 bloed

485 671 569 719 Het
597 667 856 734 heydendom
886 667 1143 734 verdwynen
1166 667 1274 716 doet.

940 814 1021 853 *24*

194 869 330 918 Haud
357 869 457 918 satis
492 868 554 917 est
588 867 799 917 Gandam
829 866 971 915 Coelo
997 865 1215 931 superaffe
1243 865 1458 915 rebellem
1477 898 1491 922 a

193 937 418 986 Invexifl'e
449 936 585 986 fidem
605 969 618 992 ‚
648 936 864 1002 populum
895 934 1092 983 docuiffe
1123 934 1281 984 timere
1298 965 1312 988 ,

193 1005 255 1053 Et
284 1005 510 1054 redamare
541 1005 728 1057 Deum3
763 1003 841 1050 nifi
874 1020 975 1068 quae
1008 1003 1229 1068 plantavit
1259 999 1519 1056 Amandus,

189 1073 350 1138 Irriget
373 1074 419 1120 in
444 1072 655 1120 Domino
684 1073 926 1120 virtutibus
961 1071 1071 1119 alter
1103 1071 1283 1135 Apollo.

190 1139 299 1188 Hoc
325 1155 438 1204 opus
465 1138 540 1189 hic
571 1140 698 1188 labor
731 1139 816 1188 est:
849 1155 922 1193 at,
956 1155 1057 1202 quae
1088 1138 1189 1185 sunt
1219 1136 1359 1187 ardua
1390 1130 1571 1186 Coelo?

188 1207 264 1256 Ut
296 1206 479 1255 dederat
508 1207 652 1263 nasci,
683 1206 759 1255 dat
791 1208 990 1256 crescere
1014 1204 1226 1253 Civibus.
1260 1204 1386 1252 Ecce

187 1274 277 1322 Per
304 1275 448 1340 pelagi
482 1273 675 1330 flue‘lus,
701 1274 915 1323 Livinum
948 1273 1099 1321 Scotia
1127 1273 1279 1321 mittit.

187 1341 284 1406 Ipse
319 1358 481 1391 cruore
511 1344 653 1406 rigat,
684 1342 906 1405 quidquid
935 1340 1157 1404 plantavit
1181 1337 1426 1390 Amandus,
